@Book{Bivand13,
    author = {Roger S. Bivand and Edzer Pebesma and Virgilio
      Gomez-Rubio},
    title = {Applied spatial data analysis with R, Second edition},
    year = {2013},
    publisher = {Springer, NY},
}

@book{WickhamGgplot2Book,
author={Wickham,Hadley and Sievert,Carson},
year={2016},
title={ggplot2: Elegant Graphics for Data Analysis},
publisher={Springer},
address={Cham},
edition={2nd},
isbn={9783319242750;331924275X},
}

@book{ChangGraphicsCookbook,
 author = {Chang, Winston},
 title = {R Graphics Cookbook},
 year = {2013},
 isbn = {1449316956, 9781449316952},
 publisher = {O'Reilly Media, Inc.},
} 

@Book{SpectorDataManipulation,
  author =       "Phil Spector",
  title =        "Data Manipulation With {R}",
  publisher =    pub-SV,
  address =      pub-SV:adr,
  pages =        "ix + 152",
  year =         "2008",
  ISBN =         "0-387-74730-3",
  ISBN-13 =      "978-0-387-74730-9",
  LCCN =         "QA276.45.R3.S64; QA276.45.R3.S64 2008",
  bibdate =      "Sat Jun 13 09:48:10 MDT 2009",
  bibsource =    "http://www.math.utah.edu/pub/tex/bib/s-plus.bib;
                 library.mit.edu:9909/mit01",
  series =       "Use R!",
  acknowledgement = ack-nhfb,
  remark =       "1. Data in R \\
                 2. Reading and Writing Data \\
                 3. R and Databases \\
                 4. Dates \\
                 5. Factors \\
                 6. Subscripting \\
                 7. Character Manipulation \\
                 8. Data Aggregation \\
                 9. Reshaping Data",
  subject =      "Mathematical statistics; Data processing; Statistics;
                 R (Computer programming language)",
}

@misc{ggplot2-docs,
  author = {Wickham, Hadley},
  title = {ggplot2 documentation},
  howpublished = {\url{http://docs.ggplot2.org}},
  note = {Accessed: 2015-08-02}
}

@misc{BryanCourseNotes,
  author = {Bryan, Jenny},
  title = {STAT 545 Topics},
  howpublished = {\url{http://stat545-ubc.github.io/topics.html}},
  note = {Accessed: 2015-08-02}
}

@book{JamesEtAl,
  title={An Introduction to Statistical Learning: with Applications in R},
  author={James, G. and Witten, D. and Hastie, T. and Tibshirani, R.},
  isbn={9781461471370},
  lccn={13936251},
  series={Springer Texts in Statistics},
  url={https://books.google.com/books?id=at1bmAEACAAJ},
  year={2014},
  publisher={Springer New York}
}

@book{hastieESL,
  added-at = {2010-06-03T15:15:09.000+0200},
  author = {Hastie, Trevor and Tibshirani, Robert and Friedman, Jerome},
  biburl = {http://www.bibsonomy.org/bibtex/200d858c0bd2826d4eb5f39450192d1f5/ukoethe},
  edition = 2,
  file = {:Books\\HastieTibshiraniFriedman-09-Elements-of-Statistical-Learning-2nd-edition\\hastie_09_elements-of.statistical-learning.pdf:PDF},
  interhash = {52d1772f39be836e3b298d37b8c0cfa1},
  intrahash = {00d858c0bd2826d4eb5f39450192d1f5},
  keywords = {inference mathmatics dataanalysis method clutering statistics},
  publisher = {Springer},
  timestamp = {2010-06-03T15:15:09.000+0200},
  title = {The elements of statistical learning: data mining, inference and prediction},
  url = {http://www-stat.stanford.edu/~tibs/ElemStatLearn/},
  year = 2009
}

@online{imageRaster,
 author  = "Wegmann",
 title   = "Raster vector tikz.png",
 year    = "2010",
 urlseen = "06-19-2017",
 url     = "https://commons.wikimedia.org/wiki/File:Raster_vector_tikz.png",
 note    = "File: Raster\_vector\_tikz.png",
}